<record><leader>00000cas a22000007a 4500</leader><controlfield tag="001">10715229</controlfield><controlfield tag="008">840510d18881891nyudn ne      0    0eng d</controlfield><datafield ind1=" " ind2=" " tag="010"><subfield code="a">sn 84031227 </subfield></datafield><datafield ind1=" " ind2=" " tag="040"><subfield code="a">NYG</subfield><subfield code="b">eng</subfield><subfield code="c">NYG</subfield><subfield code="d">NPX</subfield><subfield code="d">NYS</subfield><subfield code="d">OCLCQ</subfield></datafield><datafield ind1=" " ind2=" " tag="042"><subfield code="a">msc</subfield></datafield><datafield ind1="0" ind2=" " tag="130"><subfield code="a">Evening union (Albany, N.Y.)</subfield></datafield><datafield ind1="1" ind2="4" tag="245"><subfield code="a">The evening union.</subfield></datafield><datafield ind1=" " ind2=" " tag="260"><subfield code="a">[Albany, N.Y.] :</subfield><subfield code="b">Evening Union Co.,</subfield><subfield code="c">1888-</subfield></datafield><datafield ind1=" " ind2=" " tag="300"><subfield code="a">v.</subfield></datafield><datafield ind1=" " ind2=" " tag="310"><subfield code="a">Daily (except Sunday)</subfield></datafield><datafield ind1="0" ind2=" " tag="362"><subfield code="a">Vol. 7, no. 2032 (Sept. 19, 1888)-v. 8, no. 2932 (Nov. 16, 1891).</subfield></datafield><datafield ind1=" " ind2="4" tag="651"><subfield code="a">Albany (N.Y.)</subfield><subfield code="v">Newspapers.</subfield></datafield><datafield ind1=" " ind2=" " tag="752"><subfield code="a">United States</subfield><subfield code="b">New York</subfield><subfield code="c">Albany</subfield><subfield code="d">Albany.</subfield></datafield><datafield ind1="0" ind2="0" tag="780"><subfield code="t">Albany evening union</subfield><subfield code="w">(DLC)sn 84031226</subfield></datafield><datafield ind1="0" ind2="7" tag="785"><subfield code="t">Albany times (Albany, N.Y.)</subfield><subfield code="w">(DLC)sn 88074033</subfield></datafield><datafield ind1="0" ind2="7" tag="785"><subfield code="t">Times-union (Albany, N.Y.)</subfield><subfield code="w">(DLC)sn 83030792</subfield></datafield><datafield ind1="1" ind2=" " tag="029"><subfield code="a">AU@</subfield><subfield code="b">000020342006</subfield></datafield></record>